<?xml version="1.0" encoding="UTF-8"?><collection xmlns="http://www.loc.gov/MARC21/slim"><record><leader>00639nam--2200181-i-4500</leader><controlfield tag="001">000045789</controlfield><controlfield tag="002">20161230</controlfield><controlfield tag="005">20161230201045</controlfield><controlfield tag="008">060222s1000------------r-----000-0-eng-d</controlfield><datafield ind1=" " ind2=" " tag="041"><subfield code="a">IFIN-HH</subfield></datafield><datafield ind1=" " ind2=" " tag="080"><subfield code="a">535.34:535.5(061.3)</subfield></datafield><datafield ind1="1" ind2=" " tag="100"><subfield code="a">Koch, Ernst-eckhard</subfield></datafield><datafield ind1="1" ind2="0" tag="245"><subfield code="a">Vacuum ultraviolet radiation physics</subfield><subfield code="b">Proceedings of the iv international conference on vacuum ultrviolet radiation physics hamburg, july 22-26, 1974</subfield><subfield code="c">ERNST-ECKHARD KOCH; RUPRECHT HAENSEL; CHRISTOF KUNZ (Eds.)</subfield></datafield><datafield ind1=" " ind2=" " tag="260"><subfield code="a">Hamburg</subfield><subfield code="b">Pergamon Vieweg</subfield><subfield code="c">1974</subfield></datafield><datafield ind1=" " ind2=" " tag="300"><subfield code="a">832P</subfield></datafield><datafield ind1="1" ind2=" " tag="700"><subfield code="a">Kunz, Christof</subfield><subfield code="e">Ed</subfield></datafield><datafield ind1=" " ind2=" " tag="852"><subfield code="a">45308</subfield><subfield code="c">535</subfield></datafield><datafield ind1=" " ind2=" " tag="CAT"><subfield code="a">Sys</subfield><subfield code="c">20101122</subfield><subfield code="h">093418</subfield></datafield></record></collection>